<?xml version="1.0" encoding="UTF-8"?><collection xmlns="http://www.loc.gov/MARC21/slim"><record><leader>00474nam--2200181-i-4500</leader><controlfield tag="001">000019315</controlfield><controlfield tag="002">20161230</controlfield><controlfield tag="005">20161230201033</controlfield><controlfield tag="008">060222s1000------------r-----000-0-eng-d</controlfield><datafield ind1=" " ind2=" " tag="020"><subfield code="a">070022310X</subfield></datafield><datafield ind1=" " ind2=" " tag="040"><subfield code="a">IFIN-HH</subfield></datafield><datafield ind1=" " ind2=" " tag="080"><subfield code="a">621.039.5</subfield></datafield><datafield ind1="1" ind2=" " tag="100"><subfield code="a">El-wakil, M.M</subfield></datafield><datafield ind1="1" ind2="0" tag="245"><subfield code="a">Nuclear energy conversion</subfield><subfield code="c">M.m. el-wakil</subfield></datafield><datafield ind1=" " ind2=" " tag="260"><subfield code="a">Scranton</subfield><subfield code="b">Intext Educational Publishers</subfield><subfield code="c">1971</subfield></datafield><datafield ind1=" " ind2=" " tag="300"><subfield code="a">XIV + 666 P</subfield></datafield><datafield ind1=" " ind2=" " tag="852"><subfield code="a">36291</subfield><subfield code="c">621.039.5</subfield></datafield><datafield ind1=" " ind2=" " tag="CAT"><subfield code="a">Sys</subfield><subfield code="c">20120529</subfield><subfield code="h">164107</subfield></datafield></record></collection>